001  0000001
005  20180822172708.694
008  170107s||||     bl|||||||||||||||||por|u
020    $a9788561191191
040    $aPorto Alegre$bpor
080    $282-93-Verde$a1997
090    $a82-93-Verde$bP436f
100 0  $aPereira, Edimilson de Almeida 
245 12 $aAs falas da aranha$cEdimilson de Almeida Pereira
260    $aBelo Horizonte$b Nandyala$c2009
300    $a40 p.$b il. color.
650    $aLiteratura Brasileira 
650    $apoesia afrobrasileira
650    $aLiteratura Infanto-juvenil
